For pages use en-dash --

Just a sample bibliography; one or two of each.
Designed to work with new-aiaa bibliography style
Uses DOI if provided

NEWTYPE
===== ARTICLES, article
Author
Title
Journal
Volume
Number
Year
Pages
DOI

@article{Gnoffo1999,
   Author = {Peter A. Gnoffo},
   Title = {Planetary-Entry Gas Dynamics},
   Journal = {Annual Review of Fluid Mechanics},
   Volume = {31},
   Number = {1},
   Year = {1999},
   Pages = {459--494},
   DOI = {10.1146/annurev.fluid.31.1.459}}

@article{Candler2019,
   Author = {Candler, Graham V.},
   Title = {Rate Effects in Hypersonic Flows},
   Journal = {Annual Review of Fluid Mechanics},
   Volume = {51},
   Number = {1},
   Pages = {null},
   Year = {2019},
   DOI = {10.1146/annurev-fluid-010518-040258}}

@article{Matthews1959,
   Author = {D. L. Matthews},
   Title = {Interferometric Measurement in the Shock Tube of the Dissociation Rate of Oxygen},
   Journal = {The Physics of Fluids},
   Volume = {2},
   Number = {2},
   Pages = {170--178},
   Year = {1959},
   DOI = {10.1063/1.1705908}}

@article{Byron1959,
   Author = {Stanley R. Byron},
   Title = {Measurement of the Rate of Dissociation of Oxygen},
   Journal = {The Journal of Chemical Physics},
   Volume = {30},
   Number = {6},
   Pages = {1380--1392},
   Year = {1959},
   DOI = {10.1063/1.1730209}}

@article{CamacV1961,
   Author = {Morton Camac and Arthur Vaughan},
   Title = {O$_2$ Dissociation Rates in O$_2$-Ar Mixtures},
   Journal = {The Journal of Chemical Physics},
   Volume = {34},
   Number = {2},
   Pages = {460--470},
   Year = {1961},
   DOI = {10.1063/1.4757209}}

@article{RinkKD1961,
   Author = {John P. Rink and Herbert T. Knight and Russell E. Duff},
   Title = {Shock Tube Determination of Dissociation Rates of Oxygen},
   Journal = {The Journal of Chemical Physics},
   Volume = {34},
   Number = {6},
   Pages = {1942--1947},
   Year = {1961},
   DOI = {10.1063/1.1731797}}

@article{GeneralovL1966,
   Author = {N. A. Generalov and S. A. Losev},
   Title = {Vibration, Excitation, and Molecular Dissociation of Gaseous Oxygen and Carbon Dioxide in a Shock Wave},
	Journal = {Journal of Quantitative Spectroscopy and Radiative Transfer},
   Volume = {6},
   Number = {1},
   Pages = {101--125},
   Year = {1966},
   DOI = {10.1016/0022-4073(66)90066-5}}

@article{Shatalov1973,
   Author = {O. P. Shatalov},
   Title = {Molecular Dissociation of Oxygen in the Absence of Vibrational Equilibrium},
   Journal = {Combustion, Explosion and Shock Waves},
   Volume = {9},
   Number = {5},
   Pages = {610--613},
   Year = {1973},
   DOI = {10.1007/BF00742888}}

@article{IbraguimovaSS1999,
   Author = {L. B. Ibraguimova and G. D. Smekhov and O. P. Shatalov},
   Title = {Dissociation Rate Constants of Diatomic Molecules under Thermal Equilibrium Conditions},
   Journal = {Fluid Dynamics},
   Volume = {34},
   Number = {1},
   Pages = {153 -- 157},
   Year = {1999},
   DOI = {10.1007/BF02698767}}

@article{IbraguimovaSLSTZ2013,
	Author = {Ibraguimova,L. B.  and Sergievskaya,A. L.  and Levashov,V. Yu.  and Shatalov,O. P.  and Tunik,Yu. V.  and Zabelinskii,I. E. },
	Title = {Investigation of Oxygen Dissociation and Vibrational Relaxation at Temperatures 4000--10800 K},
	Journal = {The Journal of Chemical Physics},
	Volume = {139},
	Number = {3},
	Pages = {034317},
	Year = {2013},
	DOI = {10.1063/1.4813070}}

@article{JerigTR1991,
	Author = {Jerig, L. and Thielen, K. and Roth, P.},
	Title = {High-Temperature Dissociation of Oxygen Diluted in Argon or Nitrogen},
	Journal = {AIAA Journal},
   Volume = {29},
   Number = {7},
   Pages = {1136--1139},
   Year = {1991},
	DOI = {10.2514/3.10714}}



NEWTYPE
===== Conf Papers, inproceedings
Author
Title
Booktitle (conf name)
Publisher (AIAA Paper 1988-423)
Month
Year
DOI

@inproceedings{ChaudhryGBSC2018,
	Author = {Chaudhry, Ross S. and Grover, Maninder S. and Bender, Jason D. and Schwartzentruber, Thomas E. and Candler, Graham V.},
	Title = {Quasiclassical Trajectory Analysis of Oxygen Dissociation via O$_2$, O, and N$_2$},
	Booktitle = {2018 AIAA Aerospace Sciences Meeting},
	Publisher = {AIAA Paper 2018-0237},
	Month = {January},
	Year = {2018},
	DOI = {10.2514/6.2018-0237}}

NEWTYPE
===== Technical Report, techreport
Author
Title
Institution
Number
Month
Year

@techreport{McbrideG1996,
   Author = {Bonnie J. McBride and Sanford Gordon},
   Title = {Computer Program for Calculation of Complex Chemical Equilibrium Compositions and Applications, 2. Users Manual and Program Description},
   Institution = {NASA},
   Number = {RP-1331-2},
   Month = {June},
   Year = {1996}}

% -- Missing month!
@techreport{SchexnayderE1961,
   Author = {Schexnayder, Jr., Charles J. and John S. Evans},
   Title = {Measurements of the Dissociation Rate of Molecular Oxygen},
   Institution = {NASA},
   Number = {TR R-108},
   Year = {1961}}

@techreport{Johnston1968,
   Author = {Harold S. Johnston},
   Title = {Gas Phase Reaction Kinetics of Neutral Oxygen Species},
   Institution = {National Standard Reference Data Series -- National Bureau of Standards},
   Number = {20},
   Month = {September},
   Year = {1968}}

@techreport{Bortner1969,
   Author = {M. H. Bortner},
   Title = {A Review of Rate Constants of Selected Reactions of Interest in Re-Entry Flow Fields in the Atmosphere},
   Institution = {National Bureau of Standards},
   Number = {NBTNA-484},
   Month = {May},
   Year = {1969}}


NEWTYPE
===== Books, should probably cite a specific section when referencing, book
Author
Title
Publisher
Address
Year
Pages?
Edition?
Series?

@book{RileyHB2006,
   Author = {Ken F. Riley and Michael P. Hobson and Stephen J. Bence},
   Title = {Mathematical Methods for Physics and Engineering},
   Publisher = {Cambridge University Press},
   Address = {Cambridge, UK},
   Year = {2006},
   Edition = {3}}

@book{BoydS2017,
   Author = {Iain D. Boyd and Thomas E. Schwartzentruber},
   Title = {Nonequilibrium Gas Dynamics and Molecular Simulation},
   Publisher = {Cambridge University Press},
   Address = {Cambridge, UK},
   Year = {2017},
   Volume = {42},
   Series = {Cambridge Aerospace Series}}


NEWTYPE
===== Book Chapter by specific author, incollection
Author
Title
Publisher
Address
Editor
Booktitle
Year
Pages
Chapter
Edition?
Series?

@incollection{TruhlarM1979,
   Author = {Donald G. Truhlar and James T. Muckerman},
   Title = {Reactive Scattering Cross Sections III: Quasiclassical and Semiclassical Methods},
   Publisher = {Plenum Press},
   Address = {New York},
   Editor = {Richard B. Bernstein},
   Booktitle = {Atom--Molecule Collision Theory: A Guide for the Experimentalist},
   Year = {1979},
   Pages = {505 -- 566},
   Chapter = {16}}

% -- No chapter
@incollection{Park1996,
   Author = {Chul Park},
   Title = {Review of Finite-Rate Chemistry Models for Air Dissociation and Ionization},
   Publisher = {Kluwer Academic Publishers},
   Address = {Dordrecht},
   Editor = {Mario Capitelli},
   Booktitle = {Molecular Physics and Hypersonic Flows},
   Year = {1996},
   Pages = {581--596},
   Volume = {482},
   Series = {NATO ASI Series (Series C: Mathematical and Physical Sciences)},
   DOI = {10.1007/978-94-009-0267-1_39}}

NEWTYPE
===== PhD Thesis, phdthesis
Author
Title
School
Address
Month
Year

@phdthesis{Bender2016,
   Author = {Jason D. Bender},
   Title = {Multiscale Computational Analysis of Nitrogen and Oxygen Gas-Phase Thermochemistry in Hypersonic Flows},
   School = {University of Minnesota},
   Address = {Minneapolis, MN},
   Month = {February},
   Year = {2016}}

@phdthesis{Eckerman1958,
   Author = {Jerome Eckerman},
   Title = {The Measurement of the Rate of Dissociation of Oxygen at High Temperature},
   School = {The Catholic University of America},
   Address = {Washington, DC},
   Year = {1958}}

